
%% Created for Jakob Suckale at 2007-09-06 11:30:44 +0200 
		

%% Saved with string encoding Unicode (UTF-8) 

\usepackage{url}

@article{name06,
	Author = {Name},
	Date-Added = {2007-09-06 11:30:06 +0200},
	Date-Modified = {2007-09-06 11:30:42 +0200},
	Journal = {Journal of Sth},
	Title = {Title},
	Year = {2006}}

@article{ laanSainz2009,
	Author       = {Wladimir J. van der Laan, Simon Green, Miguel Sainz},
	Title        = {Screen space fluid rendering with curvature flow},
	Journal      = {Proceedings of the 2009 symposium on Interactive 3D graphics and games},
	Year         = {2009}}

@article{ RosenbergBirdwell2008,
	Author      = {Ilya D. Rosenberg, Ken Birdwell},
	Title       = {Real-time particle isosurface extraction},
	Journal      = "Proceedings of the 2008 symposium on Interactive 3D graphics and games ",
	Year         = "2008"
}

@article{LorensenCline1987,
	Author = "William E. Lorensen, Harvey E. Cline",
	Title = "Marching cubes: A high resolution 3D surface construction algorithm",
	Journal = "Proceedings of the 14th annual conference on Computer graphics and interactive techniques, Vol. 21, No. 4.",
	Year = "1987"
}


@ARTICLE{ NielsonHuangSylvester2002,
	AUTHOR       = "Gregory M. Nielson, Adam Huang, Steve Sylvesterl",
	TITLE        = "Approximating Normals for Marching Cubes applied to Locally Supported Isosurfaces",
	JOURNAL      = "Proceedings of the conference on Visualization '02",
	YEAR         = "2002"
}

@misc { Green2010,
	Author = "Simon Green",
	Title = "Screen Space Fluid Rendering for Games",
	Howpublished = "Game Developers Conference",
	Year = "2010",
	url = "developer.download.nvidia.com/presentations/2010/gdc/Direct3D_Effects.pdf ", 
}

@book{ Liu2003,
	Author = "G. R. Liu, M. B. Liu", 
	Title = "Smoothed Particle Hydrodynamics a meshfree method", 
	Publisher = "World Scientific Publishing Co. Pte. Ltd.", 
	Year = "2003"
}

@mastersthesis{ Schlatter1999,
	Author = "Brian Schlatter",
	Title = "A Pedagogical Tool Using Smoothed Particle Hydrodynamics to Model Fluid Flow Past a System of Cylinders",
	School = "Oregon State University",
	Year = "1999"
}


@misc {Paris2008,
	Author = {Sylvian Paris},
	Title = {Fixing the Gaussian Blur: the Bilateral Filter},
	Howpublished = {A course at ACM SIGGRAPH 2007},
	url = {http://people.csail.mit.edu/sparis/bf_course/slides08/03_definition_bf.pdf}
}

@misc{OglBindings,
	Title= "OpenGL Language Bindings",
	howpublished = {\url{http://www.opengl.org/wiki/Language_bindings}},
	Year = "2011"
}

@book{GPUGems3,
	Editor = "Hubert Nguyen",
	Title = "GPU Gems 3",
	Year = "2007",
	Publisher = "Addison-Wesley Professional"
}

@inbook{3DCourseSIGGraph2007,
	Author = "Natalya Tatarchuk, Jeremy Shopf, Christopher DeCoro",
	Title="Advanced Real-Time Rendering in 3D Graphics and Games Course â€“ SIGGRAPH 2007",
	Publisher = "SIGGRAPH",
	Year="2007",
	chapter="9"
}

@book{OpenGLSuperbible,
	Author = "Richard S. Wright et al.",
	Title = "OpenGL SuperBible: Comprehensive Tutorial and Reference (5th Edition)",
	Year = "2010",
	Publisher="Addison-Wesley Professional"
}

@book{RedBook,
	Author = "Dave Shreiner",
	Title = "OpenGL Programming Guide: The Official Guide to Learning OpenGL, Versions 3.0 and 3.1 (7th Edition)",
	Year="2009",
	Publisher = "Addison-Wesley Professional"
}


@article{PhamVliet2005,
	Author = {Tuan Q. Pham, Lucas J. van Vliet},
	Title = {Separable Bilateral Filtering for Fast Video Preprocessing},
	Journal = {Multimedia and Expo, 2005. ICME 2005. IEEE International Conference on},
	Year = {2005}
}

% w-buffering, z-buffering, depth buffer values linearization

@book{Gregory2009,
	Author = "Jason Gregory",
	title = "Game Engine Architecture",
	Publisher = "A K Peters, Ltd.",
	Year = "2009"
}

@incollection{Gregory2009_depthbuffer,
	Author = "Jason Gregory",
	title = "Occlusion and the Depth Buffer",
	booktitle = "Game Engine Architecture",
	pages = "442--444",
	Publisher = "A K Peters, Ltd.",
	Year = "2009"
}

@misc{Dunlop2006,
	Author = "Robert Dunlop",
	Title = "Linearized Depth using Vertex Shaders",
	Howpublished = {\url{http://www.mvps.org/directx/articles/linear_z/linearz.htm"}},
	Year = "2006",
	url = "http://www.mvps.org/directx/articles/linear_z/linearz.htm"
}


% Fluid mechanics

@book{Hauke2008,
	Author = "G. Hauke	",
	title = "An Introduction to Fluid Mechanics and Transport Phenomena",
	Publisher = "Springer",
	Year = "2008"
}

@unpublished{Price06,
	Author = {James F. Price},
	Title = {Lagrarian and Eulerian Representations of Fluid Flow: Kinematics and the Equations of Motion},
	Note = {http://www.whoi.edu/science/PO/people/jprice/ELreps.pdf},
	Year = {2006}
}

% SPH

@article{Monaghan1992,
	Author = {Monaghan, J. J.},
	Journal = {Annual review of astronomy and astrophysics},
	Title = {Smoothed particle hydrodynamics},
	Year = {1992}}

@article{Muller2003,
	Author = {M. M{\"{u}}ller, D. Charypar, M. Gross},
	Journal = {SCA '03 Proceedings of the 2003 ACM SIGGRAPH/Eurographics symposium on Computer animation },
	Title = {Particle-based fluid simulation for interactive applications},
	Year = {2003}
}

@book{Liu,
	Author = "G. R. Liu, M. B. Liu",
	title = "Smoothed Particle Hydrodynamics a meshfree particle method",
	Publisher = "Worlds Scientific Publishing Co. Pte. Ltd.",
	Year = "2003"
}


% PhysX
@misc {Harris08,
	Author = {Mark Harris},
	Title = {CUDA Fluid Simulation in NVIDIA PhysX},
	Howpublished = {presentation at SGIGRAPHASIA2008},
	Year = {2008}
}

@misc{PhysXDoc,
	Title="PhysX Documentation",
	Year="2008",
	Howpublished= "NVIDIA Corporation"
}	



